[gd_scene load_steps=12 format=2]

[ext_resource path="res://Bullet/Impl/PlayerDemonBomb.cs" type="Script" id=1]
[ext_resource path="res://assets/effects/blue_explosion/Blue Exposion1.png" type="Texture" id=2]
[ext_resource path="res://assets/effects/blue_explosion/Blue Exposion2.png" type="Texture" id=3]
[ext_resource path="res://assets/effects/blue_explosion/Blue Exposion3.png" type="Texture" id=4]
[ext_resource path="res://assets/effects/blue_explosion/Blue Exposion4.png" type="Texture" id=5]
[ext_resource path="res://assets/effects/blue_explosion/Blue Exposion5.png" type="Texture" id=6]
[ext_resource path="res://assets/effects/blue_explosion/Blue Exposion6.png" type="Texture" id=7]
[ext_resource path="res://assets/effects/blue_explosion/Blue Exposion7.png" type="Texture" id=8]
[ext_resource path="res://assets/effects/blue_explosion/Blue Exposion8.png" type="Texture" id=9]

[sub_resource type="CapsuleShape2D" id=1]
radius = 8.87891
height = 2.22038

[sub_resource type="SpriteFrames" id=2]
animations = [ {
"frames": [ ExtResource( 2 ), ExtResource( 3 ), ExtResource( 4 ), ExtResource( 5 ), ExtResource( 6 ), ExtResource( 7 ), ExtResource( 8 ), ExtResource( 9 ) ],
"loop": true,
"name": "default",
"speed": 25.0
} ]

[node name="PlayerBullet" type="Area2D" groups=[
"player_angel_bomb",
]]
modulate = Color( 1, 1, 1, 0.392157 )
scale = Vector2( 10, 10 )
script = ExtResource( 1 )
ShotScore = 100

[node name="CollisionShape2D" type="CollisionShape2D" parent="."]
shape = SubResource( 1 )

[node name="VisibilityNotifier2D" type="VisibilityNotifier2D" parent="."]
position = Vector2( 0.149891, 0.149891 )
scale = Vector2( 0.205582, 0.280527 )

[node name="AnimatedSprite" type="AnimatedSprite" parent="."]
frames = SubResource( 2 )
frame = 7
playing = true
[connection signal="area_entered" from="." to="." method="_on_PlayerBullet_area_entered"]
[connection signal="animation_finished" from="AnimatedSprite" to="." method="_on_AnimatedSprite_animation_finished"]
