[gd_scene load_steps=9 format=2]

[ext_resource path="res://scenes/stages/stage_0/Stage0.cs" type="Script" id=1]
[ext_resource path="res://Stages/StageManager.cs" type="Script" id=2]
[ext_resource path="res://scenes/hud/MainHud.tscn" type="PackedScene" id=3]
[ext_resource path="res://assets/fonts/m3x6.tres" type="DynamicFont" id=4]
[ext_resource path="res://scenes/player/Player.tscn" type="PackedScene" id=5]
[ext_resource path="res://scenes/stages/stage_0/ResetStageTimer.gd" type="Script" id=6]
[ext_resource path="res://assets/sounds/music/Stage1.wav" type="AudioStream" id=7]
[ext_resource path="res://assets/sounds/music/Boss.wav" type="AudioStream" id=8]

[node name="stage" type="Node"]
script = ExtResource( 1 )

[node name="MobSpawnTimer" type="Timer" parent="."]
wait_time = 3.0
autostart = true

[node name="StageManager" type="Node" parent="."]
script = ExtResource( 2 )
StageNumber = "0"

[node name="MainHud" parent="." instance=ExtResource( 3 )]

[node name="Reset" type="CanvasLayer" parent="."]
editor/display_folded = true

[node name="ResetContainer" type="MarginContainer" parent="Reset"]
visible = false
anchor_left = 0.5
anchor_top = 0.5
anchor_right = 0.5
anchor_bottom = 0.5
margin_left = -44.0
margin_top = -20.0
margin_right = 44.0
margin_bottom = 20.0

[node name="ResetVBoxContainer" type="VBoxContainer" parent="Reset/ResetContainer"]
margin_right = 88.0
margin_bottom = 40.0

[node name="ResetText" type="Label" parent="Reset/ResetContainer/ResetVBoxContainer"]
margin_right = 88.0
margin_bottom = 13.0
custom_fonts/font = ExtResource( 4 )
text = "Press 'R' Key to RESET"

[node name="Player" parent="." instance=ExtResource( 5 )]
position = Vector2( 69.9799, 185.293 )

[node name="ResetStageTimer" type="Timer" parent="."]
wait_time = 4.54
script = ExtResource( 6 )

[node name="Audio" type="Node" parent="."]

[node name="StageSong" type="AudioStreamPlayer" parent="Audio"]
stream = ExtResource( 7 )
autoplay = true
bus = "Music"

[node name="BossSong" type="AudioStreamPlayer" parent="Audio"]
stream = ExtResource( 8 )
volume_db = -80.0
bus = "Music"

[node name="Tween" type="Tween" parent="Audio"]
[connection signal="timeout" from="MobSpawnTimer" to="StageManager" method="_on_MobSpawnTimer_timeout"]
[connection signal="timeout" from="ResetStageTimer" to="ResetStageTimer" method="_on_ResetStageTimer_timeout"]
