[gd_scene load_steps=12 format=2]

[ext_resource path="res://scenes/effects/explosions/Explosion.gd" type="Script" id=1]
[ext_resource path="res://assets/effects/orange_explosion/Orange Explosion2.png" type="Texture" id=2]
[ext_resource path="res://assets/effects/orange_explosion/Orange Explosion3.png" type="Texture" id=3]
[ext_resource path="res://assets/effects/orange_explosion/Orange Explosion4.png" type="Texture" id=4]
[ext_resource path="res://assets/effects/orange_explosion/Orange Explosion5.png" type="Texture" id=5]
[ext_resource path="res://assets/effects/orange_explosion/Orange Explosion1.png" type="Texture" id=6]
[ext_resource path="res://assets/effects/orange_explosion/Orange Explosion6.png" type="Texture" id=7]
[ext_resource path="res://assets/effects/orange_explosion/Orange Explosion7.png" type="Texture" id=8]
[ext_resource path="res://assets/effects/orange_explosion/Orange Explosion8.png" type="Texture" id=9]
[ext_resource path="res://assets/sounds/fx/8bit_destroy_1.wav" type="AudioStream" id=10]

[sub_resource type="SpriteFrames" id=1]
animations = [ {
"frames": [ ExtResource( 2 ), ExtResource( 3 ), ExtResource( 4 ), ExtResource( 5 ), ExtResource( 6 ), ExtResource( 7 ), ExtResource( 8 ), ExtResource( 9 ) ],
"loop": true,
"name": "default",
"speed": 5.0
} ]

[node name="Explosion" type="Area2D"]
script = ExtResource( 1 )

[node name="AnimatedSprite" type="AnimatedSprite" parent="."]
frames = SubResource( 1 )
frame = 3
speed_scale = 4.0
playing = true

[node name="AudioStreamPlayer" type="AudioStreamPlayer" parent="."]
stream = ExtResource( 10 )
volume_db = -10.0
autoplay = true
bus = "SFX-Explode"
[connection signal="animation_finished" from="AnimatedSprite" to="." method="_on_AnimatedSprite_animation_finished"]
